@inproceedings{Martins09,
  author    = {Andr{\'e} L. Martins and
               Noah A. Smith and
               Eric P. Xing},
  title     = {Concise Integer Linear Programming Formulations for Dependency
               Parsing},
  booktitle = {ACL/IJCNLP},
  year      = {2009},
  pages     = {342-350},
  ee        = {http://www.aclweb.org/anthology/P09-1039},
  crossref  = {DBLP:conf/acl/2009},
  bibsource = {DBLP, http://dblp.uni-trier.de}
}

@inproceedings{Chambers08,
  author    = {Nathanael Chambers and
               Daniel Jurafsky},
  title     = {Jointly Combining Implicit Constraints Improves Temporal
               Ordering},
  booktitle = {EMNLP},
  year      = {2008},
}

@inproceedings{Do12,
  author    = {Quang Do and
               Wei Lu and
               Dan Roth},
  title     = {Joint Inference for Event Timeline Construction},
  booktitle = {EMNLP-CoNLL},
  year      = {2012},
  pages     = {677-687},
}

@inproceedings{Mcclosky11,
  author    = {David McClosky and
               Mihai Surdeanu and
               Christopher D. Manning},
  title     = {Event Extraction as Dependency Parsing},
  booktitle = {ACL},
  year      = {2011},
  pages     = {1626-1635},
}

@inproceedings{riedel11fast,
    author={Sebastian Riedel and Andrew McCallum}, 
    title={Fast and Robust Joint Models for Biomedical Event Extraction}, 
    bdsk-url-1={http://aclweb.org/anthology/D/D11/D11-1001.pdf}, 
    booktitle={Proceedings of the Conference on Empirical methods in natural language processing (EMNLP '11)}, 
    year={2011}, 
}

@inproceedings{Mcclosky12,
  author    = {David McClosky and Christopher D. Manning},
  title     = {Learning Constraints for Consistent Timeline Extraction},
  booktitle = {EMNLP-CoNLL},
  year      = {2012},
  pages     = {873-882},
}
