% This file was created with JabRef 2.6.
% Encoding: Cp1252

@INPROCEEDINGS{adar08revisitation,
  author = {Adar, Eytan and Teevan, Jaime and Dumais, Susan T.},
  title = {Large scale analysis of web revisitation patterns},
  booktitle = {Proceeding of the twenty-sixth annual SIGCHI conference on Human
	factors in computing systems},
  year = {2008},
  series = {CHI '08},
  pages = {1197--1206},
  address = {New York, NY, USA},
  publisher = {ACM},
  acmid = {1357241},
  doi = {http://doi.acm.org/10.1145/1357054.1357241},
  isbn = {978-1-60558-011-1},
  keywords = {query log analysis, re-finding, revisitation, web behavior},
  location = {Florence, Italy},
  numpages = {10},
  url = {http://doi.acm.org/10.1145/1357054.1357241}
}

@ARTICLE{vonahn+dabbish2008,
  author = {L.\ von Ahn and L.\ Dabbish},
  title = {Designing games with a purpose},
  journal = {Communications of the ACM},
  year = {2008},
  volume = {51},
  pages = {58--67},
  number = {8}
}

@INPROCEEDINGS{vonahn+dabbish2004,
  author = {L.\ von Ahn and L.\ Dabbish},
  title = {Labeling images with a computer game},
  booktitle = {Proc.\ SIGCHI Conference on Human Factors in Computing Systems (CHI-04)},
  year = {2004}
}

@INPROCEEDINGS{vonahn-et-al2006,
  author = {L.\ von Ahn and M.\ Kedia and M.\ Blum},
  title = {Verbosity: A game for collecting common-sense facts},
  booktitle = {Proc.\ SIGCHI Conference on Human Factors in Computing Systems (CHI-06)},
  year = {2006},
  doi = {http://doi.acm.org/10.1145/1124772.1124784}
}

@ARTICLE{vonahn-et-al2008,
  author = {von Ahn, L. and Maurer, B. and McMillen, C. and Abraham, D. and Blum,
	M.},
  title = {{reCAPTCHA}: Human-Based Character Recognition via {W}eb Security
	Measures},
  journal = {Science},
  year = {2008},
  volume = {321},
  pages = {1465--1468},
  number = {5895}
}

@MISC{mturk,
  author = {Amazon},
  title = {{M}echanical {T}urk},
  howpublished = {Website},
  year = {2009},
  note = {\url{http://www.mturk.com} (accessed May 20, 2010)}
}

@MISC{lucene,
  author = {Apache},
  title = {Lucene},
  howpublished = {Website},
  year = {2009},
  note = {\url{http://lucene.apache.org} (accessed Feb.~9, 2010)}
}

@ARTICLE{bates89berrypicking,
  author = {Bates, Marcia J.},
  title = {The Design of Browsing and Berrypicking Techniques for the Online
	Search Interface},
  journal = {Online Review},
  year = {1989},
  volume = {13},
  pages = {407--424},
  number = {5},
  citeulike-article-id = {300569},
  citeulike-linkout-0 = {http://www.gseis.ucla.edu/faculty/bates/berrypicking.html},
  keywords = {browsing},
  posted-at = {2007-11-23 20:23:58},
  priority = {0},
  url = {http://www.gseis.ucla.edu/faculty/bates/berrypicking.html}
}

@INPROCEEDINGS{bilenko08trails,
  author = {Bilenko, Mikhail and White, Ryen W.},
  title = {Mining the search trails of surfing crowds: identifying relevant
	websites from user activity},
  booktitle = {Proceeding of the 17th international conference on World Wide Web},
  year = {2008},
  series = {WWW '08},
  pages = {51--60},
  address = {New York, NY, USA},
  publisher = {ACM},
  acmid = {1367505},
  doi = {http://doi.acm.org/10.1145/1367497.1367505},
  isbn = {978-1-60558-085-2},
  keywords = {implicit feedback, learning from user behavior, mining search and
	browsing logs, web search},
  location = {Beijing, China},
  numpages = {10},
  url = {http://doi.acm.org/10.1145/1367497.1367505}
}

@ARTICLE{blei-et-al2003,
  author = {Blei, D.~M. and Ng, A.~Y. and Jordan, M.~I.},
  title = {Latent {D}irichlet allocation},
  journal = {Journal of Machine Learning Research},
  year = {2003},
  volume = {3},
  pages = {993--1022}
}

@ARTICLE{time_germany2010,
  author = {Boston, W.},
  title = {Germany Tries to Save the Euro---All by Itself},
  journal = {Time},
  year = {2010},
  month = {May 21,},
  note = {\url{http://www.time.com/time/world/article/0,8599,1991154,00.html}
	(accessed May 26, 2010)}
}

@ARTICLE{brin+page1998,
  author = {S.\ Brin and L.\ Page},
  title = {The Anatomy of a Large-Scale Hypertextual {W}eb Search Engine},
  journal = {Computer Networks and ISDN Systems},
  year = {1998},
  volume = {30},
  number = {1}
}
  pages = {107--117},

@INPROCEEDINGS{budanitsky+hirst2001,
  author = {A.\ Budanitsky and G.\ Hirst},
  title = {Semantic distance in {W}ord{N}et: An experimental, application-oriented
	evaluation of five measures},
  booktitle = {Proc.\ Workshop on WordNet and Other Lexical Resources},
  year = {2001}
}

@BOOK{alice-in-wonderland,
  title = {Alice's Adventures in Wonderland},
  publisher = {Project Gutenberg},
  year = {2008},
  author = {Carroll, L.}
}

@MISC{cates2009,
  author = {A.\ Cates},
  title = {{SOS} {C}hildren's {V}illages {UK}},
  howpublished = {Personal communication},
  year = {2009}
}

@INPROCEEDINGS{chi01scent,
  author = {Chi, Ed H. and Pirolli, Peter and Chen, Kim and Pitkow, James},
  title = {Using information scent to model user information needs and actions
	and the {W}eb},
  booktitle = {CHI-01},
  year = {2001},
  acmid = {365325},
  doi = {http://doi.acm.org/10.1145/365024.365325},
  isbn = {1-58113-327-8},
  keywords = {World Wide Web, data mining, information foraging, information retrieval,
	information scent, usability},
  location = {Seattle, Washington, United States},
  numpages = {8},
  url = {http://doi.acm.org/10.1145/365024.365325}
}
  booktitle = {Proc.\ SIGCHI Conference on Human Factors in Computing Systems (CHI-01)},

@INPROCEEDINGS{chklovski2003,
  author = {T.\ Chklovski},
  title = {Learner: A System for Acquiring Commonsense Knowledge by Analogy},
  booktitle = {Proc.\ 2nd International Conference on Knowledge Capture (K-CAP-03)},
  year = {2003}
}

@ARTICLE{cilibrasi+vitanyi2007,
  author = {R.~L.\ Cilibrasi and P.\ Vit\'{a}nyi},
  title = {The {G}oogle Similarity Distance},
  journal = {IEEE Transactions on Knowledge and Data Engineering},
  year = {2007},
  volume = {19},
  pages = {370--383},
  number = {3},
  doi = {http://dx.doi.org/10.1109/TKDE.2007.48}
}

@ARTICLE{dodds-et-al2003,
  author = {Dodds, P.~S. and Muhamad, R. and Watts, D.~J.},
  title = {An experimental study of search in global social networks},
  journal = {Science},
  year = {2003},
  volume = {301},
  number = {5634}
}
  pages = {827--829},

@MISC{dolan,
  author = {S.\ Dolan},
  title = {Six Degrees of {W}ikipedia},
  howpublished = {Website},
  year = {undated},
  note = {\url{http://www.netsoc.tcd.ie/~mu/wiki} (accessed Dec.\ 23, 2008)}
}

@INPROCEEDINGS{downey07models,
  author = {Doug Downey and Susan T. Dumais and Eric Horvitz},
  title = {Models of Searching and Browsing: Languages, Studies, and Application},
  booktitle = {IJCAI},
  year = {2007},
  pages = {2740-2747},
  ee = {http://dli.iiit.ac.in/ijcai/IJCAI-2007/PDF/IJCAI07-440.pdf}
}

@ARTICLE{finkelstein-et-al2002,
  author = {L.\ Finkelstein and E.\ Gabrilovich and Y.\ Matias and E.\ Rivlin
	and Z.\ Solan and G.\ Wolfman and E.\ Ruppin},
  title = {Placing Search in Context: The Concept Revisited},
  journal = {ACM Transactions on Information Systems},
  year = {2002},
  volume = {20},
  pages = {116--131},
  number = {1}
}

@INPROCEEDINGS{adafre+derijke2005,
  author = {Fissaha Adafre, S.\ and M.\ de Rijke},
  title = {Discovering missing links in {W}ikipedia},
  booktitle = {Proc.\ 3rd International Workshop on Link Discovery (LinkKDD-05)},
  year = {2005}
}

@INPROCEEDINGS{fortuna-et-al2006,
  author = {Fortuna, B. and Mladeni{\v{c}}, D. and Grobelnik, M.},
  title = {Semi-automatic Construction of Topic Ontologies},
  booktitle = {Semantics, Web and Mining: Joint Internat.\ Workshops EWMF/KDO-05},
  year = {2006}
}

@MISC{wordsimilarity-353,
  author = {E.\ Gabrilovich},
  title = {Word{S}imilarity-353 Test Collection},
  howpublished = {Website},
  year = {2002},
  note = {\url{http://www.cs.technion.ac.il/~gabr/resources/data/wordsim353/wordsim353.html}
	(accessed Feb.\ 8, 2010)}
}

@INPROCEEDINGS{gabrilovich+markovitch2007,
  author = {E.\ Gabrilovich and S.\ Markovitch},
  title = {Computing Semantic Relatedness using {W}i\-ki\-pe\-dia-based {E}xplicit
	{S}emantic {A}nalysis},
  booktitle = {Proc.\ 20th International Joint Conference on Artificial Intelligence
	(IJCAI-07)},
  year = {2007}
}

@MISC{google-image-labeler,
  author = {Google},
  title = {Google {I}mage {L}abeler},
  howpublished = {Website},
  year = {2010},
  note = {\url{http://images.google.com/imagelabeler} (accessed Feb.~9, 2010)}
}

@INPROCEEDINGS{gupta+oates2007,
  author = {A.\ Gupta and T.\ Oates},
  title = {Using Ontologies and the {W}eb to Learn Lexical Semantics},
  booktitle = {IJCAI},
  url = {http://www.ijcai.org/papers07/Papers/IJCAI07-261.pdf}
}

@INPROCEEDINGS{gupta+ratinov2008,
  author = {R.\ Gupta and L.\ Ratinov},
  title = {Text Categorization with Knowledge Transfer from Heterogeneous Data
	Sources},
  booktitle = {Proc.\ 23rd AAAI Conference on Artificial Intelligence (AAAI-08)},
  year = {2008}
}

@ARTICLE{he-et-al2007,
  author = {He, B.\ and Patel, M.\ and Zhang, Z.\ and Chang, K.\ C.-C.},
  title = {Accessing the deep {W}eb},
  journal = {CACM},
  year = {2007},
  volume = {50},
  number = {5}
}
  journal = {Communications of the ACM},
  pages = {94--101},

@INPROCEEDINGS{helic11folksonomies,
  author = {Helic, Denis and Strohmaier, Markus and Trattner, Christoph and Muhr,
	Markus and Lerman, Kristina},
  title = {Pragmatic evaluation of folksonomies},
  booktitle = {WWW-11},
  year = {2011},
  citeulike-article-id = {9115176},
  citeulike-linkout-0 = {http://portal.acm.org/citation.cfm?id=1963465},
  citeulike-linkout-1 = {http://dx.doi.org/10.1145/1963405.1963465},
  doi = {10.1145/1963405.1963465},
  isbn = {978-1-4503-0632-4},
  keywords = {semanticweb, tagging},
  location = {Hyderabad, India},
  posted-at = {2011-08-03 15:24:48},
  priority = {2},
  url = {http://dx.doi.org/10.1145/1963405.1963465}
}
  booktitle = {Proc.\ 20th International Conference on the World Wide Web (WWW-11)},
  pages = {417--426},

@MISC{semantic-web_faq,
  author = {Herman, I.},
  title = {{W3C Semantic Web FAQ}},
  howpublished = {Website},
  year = {2009},
  note = {\url{http://www.w3.org/2001/sw/SW-FAQ} (accessed May 26, 2010)}
}

@ARTICLE{hinton+salakhutdinov2006,
  author = {G.~E.\ Hinton and R.~R.\ Salakhutdinov},
  title = {Reducing the dimensionality of data with neural networks},
  journal = {Science},
  year = {2006},
  volume = {313},
  pages = {504--507},
  number = {5786}
}

@ARTICLE{hopfield1982,
  author = {J.~J.\ Hopfield},
  title = {Neural networks and physical systems with emergent collective computational
	properties},
  journal = {Proceedings of the National Academy of Sciences},
  year = {1982},
  volume = {79},
  pages = {2554--2558},
  number = {8}
}

@ARTICLE{huettig-et-el2006,
  author = {F.\ Huettig and P.~T.\ Quinlan and S.~A.\ McDonald and G.~T.~M.\
	Altmann},
  title = {Models of high-dimensional semantic space predict language-mediated
	eye movements in the visual world},
  journal = {Acta Psychologica},
  year = {2006},
  volume = {121},
  pages = {65--80},
  number = {1}
}

@INPROCEEDINGS{iyengar-et-al2010,
  author = {Iyengar, S.~R.~S. and Zweig, K.~A. and Gupta, N. and Madhavan, C.~E.~V.},
  title = {Understanding Human Navigation with Network Analysis},
  booktitle = {Proc.\ 14th Pacific-Asia Conference on Knowledge Discovery and Data
	Mining (PAKDD-10)},
  year = {2010}
}

@INPROCEEDINGS{jiang+conrath1997,
  author = {J.~J.\ Jiang and D.~W.\ Conrath},
  title = {Semantic Similarity Based on Corpus Statistics and Lexical Taxonomy},
  booktitle = {Proc.\ 9th Conference on Computational Linguistics and Speech Processing
	(ROCLING-97)},
  year = {1997}
}

@INPROCEEDINGS{kaur+hornof2005,
  author = {I.\ Kaur and A.~J.\ Hornof},
  title = {A comparison of {LSA}, {W}ord{N}et and {PMI-IR} for predicting user
	click behavior},
  booktitle = {Proc.\ SIGCHI Conference on Human Factors in Computing Systems (CHI-05)},
  year = {2005}
}

@INPROCEEDINGS{kleinberg2000,
  author = {Kleinberg, J.},
  title = {The small-world phenomenon: An algorithmic perspective},
  booktitle = {Proc.\ 32nd Annual ACM Symposium on Theory of Computing},
  year = {2000}
}

@ARTICLE{kleinberg00navigation,
  author = {Kleinberg, J.},
  title = {Navigation in a small world},
  journal = {Nature},
  year = {2000},
  volume = {406},
  number = {6798},
  month = {August},
  file = {kleinberg00navigation.pdf:kleinberg00navigation.pdf:PDF},
  url = {http://dx.doi.org/10.1038/35022643}
}
  pages={845--845},

@ARTICLE{landauer+dumais1997,
  author = {T.\ Landauer and S.~T.\ Dumais},
  title = {A Solution to {P}lato's Problem: The {L}atent {S}emantic {A}nalysis
	Theory of Acquisition, Induction, and Representation of Knowledge},
  journal = {Psych.\ Rev.},
  year = {1997},
  volume = {104},
  number = {2}
}
  journal = {Psychological Review},
  pages = {211--240},

@ARTICLE{landauer-et-al1998,
  author = {T.\ Landauer and P.~W.\ Foltz and D.\ Laham},
  title = {Introduction to {L}atent {S}emantic {A}nalysis},
  journal = {Discourse Processes},
  year = {1998},
  volume = {25},
  pages = {259--284}
}

@MISC{lsa,
  author = {T.\ Landauer and W.\ Kintsch},
  title = {{LSA}},
  howpublished = {Website},
  year = {1998},
  note = {\url{http://lsa.colorado.edu} (accessed Feb.\ 8, 2010)}
}

@MISC{convote2008,
  author = {Lee, L.},
  title = {Convote dataset v1.1},
  howpublished = {Website},
  year = {2008},
  note = {\url{http://www.cs.cornell.edu/home/llee/data/convote.html} (accessed
	May 13, 2010)}
}

@INPROCEEDINGS{lemaire+denhiere2004,
  author = {B.\ Lemaire and G.\ Denhi\`ere},
  title = {Incremental Construction of an Associative Network from a Corpus},
  booktitle = {Proc.\ Conference of the Cognitive Science Society (CogSci-04)},
  year = {2004}
}

@ARTICLE{leung+kan1998,
  author = {Leung, C.-H. and Kan, W.-K.},
  title = {A statistical learning approach to automatic indexing of controlled
	index terms},
  journal = {Journal of the American Society for Information Science},
  year = {1998},
  volume = {48},
  pages = {55--66},
  number = {1}
}

@BOOK{li+vitanyi2008,
  title = {An Introduction to {K}olmogorov Complexity and Its Applications},
  publisher = {Springer Verlag},
  year = {2008},
  author = {M.\ Li and P.\ Vit\'anyi},
  edition = {3rd}
}

@ARTICLE{liben-nowell-et-al2005,
  author = {Liben-Nowell, D. and Novak, J. and Kumar, R. and Raghavan, P. and
	Tomkins, A.},
  title = {Geographic routing in social networks},
  journal = {PNAS},
  year = {2005},
  volume = {102},
  number = {33}
}
  journal = {Proc.\ National Academy of Sciences (PNAS)},
  pages = {11623--11628},

@ARTICLE{nowell05geographic,
  author = {D. Liben-Nowell and J. Novak and R. Kumar and P. Raghavan and A.
	Tomkins},
  title = {Geographic Routing in Social Networks},
  journal = {Proceedings of the National Academy of Sciences},
  year = {2005},
  volume = {102},
  pages = {11623--11628},
  number = {33},
  file = {nowell05geographic.pdf:nowell05geographic.pdf:PDF}
}

@INPROCEEDINGS{lin1998,
  author = {D.\ Lin},
  title = {An Information-Theoretic Definition of Similarity},
  booktitle = {ICML},
  year = {1998}
}

@INPROCEEDINGS{lindsey-et-al2008,
  author = {R.\ Lindsey and M.\ Stipicevic and V.~D.\ Veksler and W.~D.\ Gray},
  title = {{BLOSSOM}: Best path Length On a Semantic Self-Organizing Map},
  booktitle = {Proc.\ Conference of the Cognitive Science Society (CogSci-08)},
  year = {2008}
}

@INPROCEEDINGS{maguitman-et-al2005,
  author = {A.\ Maguitman and D.\ Leake and T.\ Reichherzer},
  title = {Suggesting novel but related topics: Towards context-based support
	for knowledge model extension},
  booktitle = {Proc.\ 2005 International Conference on Intelligent User Interfaces
	(IUI-05)},
  year = {2005}
}

@BOOK{manning-et-al2008,
  title = {Introduction to Information Retrieval},
  publisher = {Cambridge University Press},
  year = {2008},
  author = {C.~D.\ Manning and P.\ Raghavan and H.\ Sch\"utze}
}

@ARTICLE{medelyan-et-al2009,
  author = {O.\ Medelyan and D.\ Milne and C.\ Legg and I.~H.\ Witten},
  title = {Mining meaning from {W}ikipedia},
  journal = {International Journal of Human--Computer Studies},
  year = {2009},
  volume = {67},
  pages = {716--754},
  number = {9}
}

@INPROCEEDINGS{mihalcea+csomai2007,
  author = {R.\ Mihalcea and A.\ Csomai},
  title = {Wikify! {L}inking Documents to Encyclopedic Knowledge},
  booktitle = {Proc.\ 16th ACM Conference on Information and Knowledge Management
	(CIKM-07)},
  year = {2007}
}

@ARTICLE{milgram67smallworld,
  author = {S. Milgram},
  title = {The small world problem},
  journal = {Psychology Today},
  year = {1967},
  volume = {2},
  review = {Six degrees of separation. Letters from Nebraska to Boston. Average
	intermediaries on the path is 6.2.}
}
  pages = {60--67},

@MISC{wordnet2006,
  author = {G.~A.\ Miller},
  title = {Word{N}et 3.0 documentation},
  howpublished = {Website},
  year = {2006},
  note = {\url{http://wordnet.princeton.edu/wordnet/documentation} (accessed
	Feb.\ 1, 2010)}
}

@MISC{milne_wikipediaminer,
  author = {D.\ Milne},
  title = {Wikipedia{M}iner toolkit},
  howpublished = {Website},
  year = {2009},
  note = {\url{http://wikipedia-miner.sourceforge.net} (accessed June 6, 2009)}
}

@INPROCEEDINGS{milne2007,
  author = {D.\ Milne},
  title = {Computing semantic relatedness using {W}ikipedia link structure},
  booktitle = {Proc.\ New Zealand Computer Science Research Student Conference},
  year = {2007}
}

@INPROCEEDINGS{milne+witten2008,
  author = {D.\ Milne and I.~H.\ Witten},
  title = {An effective, low-cost measure of semantic relatedness obtained from
	{W}ikipedia links},
  booktitle = {WIKIAI-08},
  year = {2008}
}
  booktitle = {Proc.\ 1st AAAI Workshop on Wikipedia and Artificial Intelligence (WIKIAI-08)},

@INPROCEEDINGS{milne+witten2008_link,
  author = {D.\ Milne and I.~H.\ Witten},
  title = {Learning to Link with {W}ikipedia},
  booktitle = {Proc.\ 17th ACM Conference on Information and Knowledge Management
	(CIKM-08)},
  year = {2008}
}

@INPROCEEDINGS{muramatsu01queries,
  author = {Muramatsu, Jack and Pratt, Wanda},
  title = {Transparent Queries: investigation users' mental models of search
	engines},
  booktitle = {Proceedings of the 24th annual international ACM SIGIR conference
	on Research and development in information retrieval},
  year = {2001},
  series = {SIGIR '01},
  pages = {217--224},
  address = {New York, NY, USA},
  publisher = {ACM},
  acmid = {383991},
  doi = {http://doi.acm.org/10.1145/383952.383991},
  isbn = {1-58113-331-6},
  location = {New Orleans, Louisiana, United States},
  numpages = {8},
  url = {http://doi.acm.org/10.1145/383952.383991}
}

@INPROCEEDINGS{day94orienteering,
  author = {O'Day, Vicki L. and Jeffries, Robin},
  title = {Orienteering in an information landscape: how information seekers
	get from here to there},
  booktitle = {CHI '93: Proceedings of the INTERACT '93 and CHI '93 conference on
	Human factors in computing systems},
  year = {1993},
  pages = {438--445},
  address = {New York, NY, USA},
  publisher = {ACM},
  citeulike-article-id = {2235557},
  citeulike-linkout-0 = {http://portal.acm.org/citation.cfm?id=169365},
  citeulike-linkout-1 = {http://dx.doi.org/10.1145/169059.169365},
  doi = {10.1145/169059.169365},
  isbn = {0897915755},
  keywords = {browsing, iir, information-foraging},
  posted-at = {2008-01-15 16:59:22},
  priority = {0},
  url = {http://dx.doi.org/10.1145/169059.169365}
}

@INPROCEEDINGS{ollivier+senellart2007,
  author = {Y.\ Ollivier and P.\ Senellart},
  title = {Finding Related Pages Using {G}reen Measures: An Illustration with
	{W}ikipedia},
  booktitle = {Proc.\ 22nd AAAI Conference on Artificial Intelligence (AAAI-07)},
  year = {2007}
}

@ARTICLE{olston03stenttrails,
  author = {Olston, Christopher and Chi, Ed H.},
  title = {Scent{T}rails: Integrating browsing and searching on the {W}eb},
  journal = {TCHI},
  year = {2003},
  volume = {10},
  month = {September},
  acmid = {937550},
  address = {New York, NY, USA},
  doi = {http://doi.acm.org/10.1145/937549.937550},
  issn = {1073-0516},
  number = {3},
  keywords = {ScentTrails, World Wide Web, browsing, information scent, searching},
  numpages = {21},
  url = {http://doi.acm.org/10.1145/937549.937550}
}
  journal = {ACM Trans. Comput.-Hum.\ Interact.},
  publisher = {ACM},
  pages = {177--197},

@ARTICLE{pearson1901,
  author = {K.\ Pearson},
  title = {On Lines and Planes of Closest Fit to Systems of Points in Space},
  journal = {Philosophical Magazine},
  year = {1901},
  volume = {2},
  pages = {559--572},
  number = {6}
}

@ARTICLE{Pirolli1999,
  author = {Pirolli, P. and Card, Stuart K.},
  title = {Information foraging},
  journal = {Psychological Review},
  year = {1999},
  volume = {106},
  pages = {643-675},
  number = {4},
  added-at = {2009-10-13T14:06:45.000+0200},
  biburl = {http://www.bibsonomy.org/bibtex/2e00b83f86b434a399a07d5f3905ae3c4/schultem},
  file = {pirolli1999.pdf:p\\pirolli1999.pdf:PDF},
  groupsearch = {0},
  interhash = {9a9846747b15f5bd74b814d38a116abf},
  intrahash = {e00b83f86b434a399a07d5f3905ae3c4},
  keywords = {IS, Th},
  timestamp = {2009-10-13T14:06:45.000+0200}
}

@INPROCEEDINGS{ponzetto2+strube2007,
  author = {S.~P.\ Ponzetto and M.\ Strube},
  title = {Deriving a Large Scale Taxonomy from {W}ikipedia},
  booktitle = {Proc.\ 22nd AAAI Conference on Artificial Intelligence (AAAI-07)},
  year = {2007}
}

@INCOLLECTION{quillian1968,
  author = {M.~R.\ Quillian},
  title = {Semantic memory},
  booktitle = {Semantic Information Processing},
  publisher = {MIT Press},
  year = {1968},
  editor = {M.\ Minsky}
}

@ARTICLE{quillian1967,
  author = {M.~R.\ Quillian},
  title = {Word concepts: A Theory and Simulation of some basic semantic capabilities},
  journal = {Behavioral Science},
  year = {1967},
  volume = {12},
  pages = {410--430},
  number = {5}
}

@ARTICLE{rada-et-al1989,
  author = {R.\ Rada and H.\ Mili and E.\ Bicknell and M.\ Blettner},
  title = {Development and Application of a Metric on Semantic Nets},
  journal = {IEEE Transactions on Systems, Man, and Cybernetics},
  year = {1989},
  volume = {19},
  pages = {17--30},
  number = {1}
}

@ARTICLE{resnik1999,
  author = {P.\ Resnik},
  title = {Semantic similarity in a taxonomy: An information-based measure and
	its application to problems of ambiguity in natural language},
  journal = {Journal of Artificial Intelligence Research},
  year = {1999},
  volume = {11},
  pages = {95--130}
}

@INPROCEEDINGS{sellen02workers,
  author = {Sellen, Abigail J. and Murphy, Rachel and Shaw, Kate L.},
  title = {How knowledge workers use the web},
  booktitle = {Proceedings of the SIGCHI conference on Human factors in computing
	systems: Changing our world, changing ourselves},
  year = {2002},
  series = {CHI '02},
  pages = {227--234},
  address = {New York, NY, USA},
  publisher = {ACM},
  acmid = {503418},
  doi = {http://doi.acm.org/10.1145/503376.503418},
  isbn = {1-58113-453-3},
  keywords = {World Wide Web, appliances, diary study, knowledge workers, mobile
	technology, taxonomy},
  location = {Minneapolis, Minnesota, USA},
  numpages = {8},
  url = {http://doi.acm.org/10.1145/503376.503418}
}

@ARTICLE{simsek08navigating,
  title={Navigating networks by using homophily and degree},
  author={{\c{S}}im{\c{s}}ek, {\"O}zg\"ur and Jensen, David},
  journal={Proc.\ National Academy of Sciences (PNAS)},
  volume={105},
  number={35},
  pages={12758--12762},
  year={2008},
  publisher={National Acad Sciences}
}

@inproceedings{simsek2005decentralized,
  title={Decentralized search in networks using homophily and degree disparity},
  author={{\c{S}}im{\c{s}}ek, {\"O}zg\"ur and Jensen, David},
  booktitle = {IJCAI-05},
  year={2005}
}
 pages={304--310},
 booktitle = {Proc.\ 19th International Joint Conference on Artificial Intelligence (IJCAI-05)},

@INCOLLECTION{singh-et-al2002,
  author = {Singh, P.\ and Lin, T.\ and Mueller, E.~T.\ and Lim, G.\ and Perkins,
	T.\ and Zhu, W.~L.},
  title = {Open {M}ind {C}ommon {S}ense: Knowledge acquisition from the general
	public},
  booktitle = {On the Move to Meaningful Internet Systems 2002: CoopIS, DOA, and
	ODBASE},
  publisher = {Springer Verlag},
  year = {2002},
  volume = {2519},
  series = {Lecture Notes in Computer Science},
  pages = {1223--1237}
}

@INPROCEEDINGS{singla10trailfinding,
  author = {Singla, Adish and White, Ryen and Huang, Jeff},
  title = {Studying trailfinding algorithms for enhanced web search},
  booktitle = {Proceeding of the 33rd international ACM SIGIR conference on Research
	and development in information retrieval},
  year = {2010},
  series = {SIGIR '10},
  pages = {443--450},
  address = {New York, NY, USA},
  publisher = {ACM},
  acmid = {1835524},
  doi = {http://doi.acm.org/10.1145/1835449.1835524},
  isbn = {978-1-4503-0153-4},
  keywords = {best-trail selection, search trails, trailfinding},
  location = {Geneva, Switzerland},
  numpages = {8},
  url = {http://doi.acm.org/10.1145/1835449.1835524}
}

@INPROCEEDINGS{snow-et-al2008,
  author = {R.\ Snow and B.\ O'Connor and D.\ Jurafsky and A.~Y.\ Ng},
  title = {Cheap and Fast---{B}ut is it Good? {E}valuating Non-Expert Annotations
	for Natural Language Tasks},
  booktitle = {Proc.\ Conference on Empirical Methods in Natural Language Processing
	(EMNLP-08)},
  year = {2008}
}

@MISC{sowa2006,
  author = {J.~F.\ Sowa},
  title = {Semantic Networks},
  howpublished = {Website},
  year = {2006},
  note = {\url{http://www.jfsowa.com/pubs/semnet.htm} (accessed Dec.\ 11, 2008)}
}

@MISC{speer2009,
  author = {R.\ Speer},
  title = {{Open Mind Common Sense blog}},
  howpublished = {Website},
  year = {2009},
  note = {\url{http://conceptnet.blogspot.com/2009/08/verbosity-and-one-meeeelion-sentences.html}
	(accessed Feb.~6, 2010)}
}

@INPROCEEDINGS{speer-et-al2008,
  author = {R.\ Speer and C.\ Havasi and H.\ Lieberman},
  title = {Analogy{S}pace: Reducing the Dimensionality of Common Sense Knowledge},
  booktitle = {Proc.\ 23rd AAAI Conference on Artificial Intelligence (AAAI-08)},
  year = {2008}
}

@INCOLLECTION{steyvers-et-al2004,
  author = {M.\ Steyvers and R.~M.\ Shiffrin and D.~L.\ Nelson},
  title = {Word association spaces for predicting semantic similarity effects
	in episodic memory},
  booktitle = {Experimental Cognitive Psychology and Its Applications},
  publisher = {American Psychological Association},
  year = {2004},
  editor = {A.\ Healy}
}

@INPROCEEDINGS{strube+ponzetto2006,
  author = {M.\ Strube and S.~P.\ Ponzetto},
  title = {Wiki{R}elate! {C}omputing semantic relatedness using {W}ikipedia},
  booktitle = {Proc.\ 21st National Conference on Artificial Intelligence (AAAI-06)},
  year = {2006}
}

@INPROCEEDINGS{teevan04teleport,
  author = {Teevan, Jaime and Alvarado, Christine and Ackerman, Mark S. and Karger,
	David R.},
  title = {The perfect search engine is not enough: a study of orienteering
	behavior in directed search},
  booktitle = {CHI-04},
  year = {2004},
  acmid = {985745},
  doi = {http://doi.acm.org/10.1145/985692.985745},
  isbn = {1-58113-702-8},
  keywords = {context, information seeking, observational study, orienteering, search,
	teleporting},
  location = {Vienna, Austria},
  numpages = {8},
  url = {http://doi.acm.org/10.1145/985692.985745}
}
  pages = {415--422},
  booktitle = {Proc.\ SIGCHI Conference on Human Factors in Computing Systems (CHI-04)},

@INPROCEEDINGS{thomas-et-al2006,
  author = {Thomas, M. and Pang, B. and Lee, L.},
  title = {Get out the vote: Determining support or opposition from {Congressional}
	floor-debate transcripts},
  booktitle = {Proc.\ Conf.\ on Empirical Methods in Natural Language Processing
	(EMNLP-06)},
  year = {2006}
}

@ARTICLE{Trigg88tours,
  author = {Trigg, Randall H.},
  title = {Guided tours and tabletops: tools for communicating in a hypertext
	environment},
  journal = {ACM Trans. Inf. Syst.},
  year = {1988},
  volume = {6},
  pages = {398--414},
  month = {October},
  acmid = {59299},
  address = {New York, NY, USA},
  doi = {http://doi.acm.org/10.1145/58566.59299},
  issn = {1046-8188},
  issue = {4},
  numpages = {17},
  publisher = {ACM},
  url = {http://doi.acm.org/10.1145/58566.59299}
}

@ARTICLE{turing1950,
  author = {Turing, A.},
  title = {Computing Machinery and Intelligence},
  journal = {Mind},
  year = {1950},
  volume = {59},
  pages = {433--460},
  number = {236}
}

@ARTICLE{turk+pentland1991,
  author = {M.\ Turk and A.\ Pentland},
  title = {Eigenfaces for recognition},
  journal = {Journal of Cognitive Neuroscience},
  year = {1991},
  volume = {3},
  pages = {71--86},
  number = {1}
}

@CONFERENCE{turney2003,
  author = {Turney, P.~D.},
  title = {Coherent keyphrase extraction via {W}eb mining},
  booktitle = {Proc.\ 18th International Joint Conference on Artificial Intelligence
	(IJCAI-03)},
  year = {2003}
}

@INPROCEEDINGS{turney2001,
  author = {P.~D.\ Turney},
  title = {Mining the {W}eb for Synonyms: {PMI-IR} versus {LSA} on {TOEFL}},
  booktitle = {Proc.\ 12th European Conference on Machine Learning (ECML-01)},
  year = {2001}
}

@ARTICLE{tversky1977,
  author = {A.\ Tversky},
  title = {Features of Similarity},
  journal = {Psychological Review},
  year = {1977},
  volume = {84},
  pages = {327--352},
  number = {2}
}

@MISC{universal_declaration_of_human_rights,
  author = {{Universal Declaration of Human Rights}},
  year = {1948},
  note = {\url{http://www.un.org/en/documents/udhr} (accessed May 26, 2010)}
}

@INPROCEEDINGS{veksler-et-al2008,
  author = {V.~D.\ Veksler and R.~Z.\ Govostes and W.~D.\ Gray},
  title = {Defining the Dimensions of the Human Semantic Space},
  booktitle = {Proc.\ Conference of the Cognitive Science Society (CogSci-08)},
  year = {2008}
}

@INPROCEEDINGS{wang-et-al2010,
  author = {Wang, H.-C. and Cosley, D. and Fussell, S.~R.},
  title = {Idea {E}xpander: Supporting group brainstorming with conversationally
	triggered visual thinking stimuli},
  booktitle = {Proc.\ 2010 ACM Conference on Computer Supported Cooperative Work
	(CSCW-10)},
  year = {2010}
}

@ARTICLE{watts-et-al2002,
  author = {Watts, D.~J. and Dodds, P.~S. and Newman, M.~E.~J.},
  title = {Identity and search in social networks},
  journal = {Science},
  year = {2002},
  volume = {296},
  pages = {1302--1305},
  number = {5571}
}

@MASTERSTHESIS{west2010_MSc,
  author = {R.\ West},
  title = {Extracting semantic information from {W}ikipedia using human computation
	and dimensionality reduction},
  school = {McGill University},
  year = {2010}
}

@MISC{link-suggestion-data,
  author = {R.\ West},
  title = {Project website},
  year = {2009},
  note = {\url{http://www.cs.mcgill.ca/~rwest/link-suggestion} (accessed Feb.~9,
	2010)}
}

@MISC{wikispeedia,
  author = {R.\ West},
  title = {Wikispeedia},
  howpublished = {Website},
  year = {2009},
  note = {\url{http://www.wikispeedia.net} (accessed Jan.~11, 2012)}
}

@INPROCEEDINGS{west-et-al2009,
  author = {R.\ West and J.\ Pineau and D.\ Precup},
  title = {Wikispeedia: An Online Game for Inferring Semantic Distances between
	Concepts},
  booktitle = {IJCAI-09},
  year = {2009}
}
  booktitle = {Proc.\ 21st International Joint Conference on Artificial Intelligence

@INPROCEEDINGS{west-et-al2009a,
  author = {R.\ West and D.\ Precup and J.\ Pineau},
  title = {Completing {W}ikipedia's Hyperlink Structure through Dimensionality
	Reduction},
  booktitle = {Proc.\ 18th ACM Conference on Information and Knowledge Management
	(CIKM-09)},
  year = {2009}
}

@ARTICLE{weston-et-al2010,
  author = {Weston, J. and Bengio, S. and Usunier, N.},
  title = {Large scale image annotation: Learning to rank with joint word-image
	embeddings},
  journal = {Machine Learning},
  year = {2010},
  volume = {81},
  pages = {21--35},
  number = {1}
}

@INPROCEEDINGS{white10scenic,
  author = {White, Ryen W. and Huang, Jeff},
  title = {Assessing the scenic route: Measuring the value of search trails
	in {W}eb logs},
  booktitle = {SIGIR-10},
  year = {2010},
  acmid = {1835548},
  doi = {http://doi.acm.org/10.1145/1835449.1835548},
  isbn = {978-1-4503-0153-4},
  keywords = {log analysis, search trails, trail following},
  location = {Geneva, Switzerland},
  numpages = {8},
  url = {http://doi.acm.org/10.1145/1835449.1835548}
}
  pages = {587--594},
  booktitle = {Proc.\ 33rd International ACM SIGIR Conference on Research and Development in Information Retrieval (SIGIR-07)},

@MISC{wikipedia:infobox,
  author = {Wikipedia},
  title = {Help:{I}nfobox},
  howpublished = {Website},
  year = {2010},
  note = {\url{http://en.wikipedia.org/w/index.php?title=Help:Infobox&oldid=335883227}
	(accessed Feb.~5, 2010)}
}

@MISC{wikipedia:linking,
  author = {Wikipedia},
  title = {Wikipedia:{L}inking},
  howpublished = {Website},
  year = {2010},
  note = {\url{http://en.wikipedia.org/w/index.php?title=Wikipedia:Linking&oldid=342061829}
	(accessed Feb.~5, 2010)}
}

@MISC{wikipedia:manual_of_style,
  author = {Wikipedia},
  title = {Wikipedia:{M}anual of {S}tyle},
  howpublished = {Website},
  year = {2010},
  note = {\url{http://en.wikipedia.org/w/index.php?title=Wikipedia:Manual_of_Style&oldid=342148400}
	(accessed Feb.~5, 2010)}
}

@MISC{wikipedia:wikigame,
  author = {Wikipedia},
  title = {Wikipedia:{W}iki {G}ame},
  howpublished = {Website},
  year = {2010},
  note = {\url{http://en.wikipedia.org/w/index.php?title=Wikipedia:Wiki_Game&oldid=340765784}
	(accessed Feb.~5, 2010)}
}

@MISC{wikipedia-dump20090306,
  author = {Wikipedia},
  title = {Data dump of {M}arch 6, 2009},
  howpublished = {Website},
  year = {2009},
  note = {\url{http://download.wikimedia.org/enwiki/20090306} (accessed June
	3, 2009)}
}

@MISC{schools-wikipedia2008,
  author = {Wikipedia},
  title = {2008/9 {W}ikipedia {S}election for schools},
  howpublished = {Website},
  year = {2008},
  note = {\url{http://schools-wikipedia.org} (accessed June 3, 2009)}
}

@MISC{schools-wikipedia,
  author = {Wikipedia},
  title = {2007 {W}ikipedia {S}election for schools},
  howpublished = {Website},
  year = {2007},
  note = {\url{http://schools-wikipedia.org} (accessed Aug.\ 3, 2008)}
}

@MISC{wikipedia-game,
  author = {{Wikipedia Game}},
  howpublished = {Website},
  year = {2010},
  note = {\url{http://www.wikipediagame.org} (accessed Jan.~4, 2010)}
}

@MISC{wikipedia-maze,
  author = {{Wikipedia Maze}},
  howpublished = {Website},
  year = {2010},
  note = {\url{http://www.wikipediamaze.com} (accessed Jan.~4, 2010)}
}

@MISC{wikirace,
  author = {Wikirace},
  howpublished = {Website},
  year = {2010},
  note = {\url{http://www.wikirace.org} (accessed Jan.~4, 2010)}
}

@ARTICLE{wong-et-al2007,
  author = {W.\ Wong and W.\ Liu and M.\ Bennamoun},
  title = {Tree-Traversing Ant Algorithm for term clustering based on featureless
	similarities},
  journal = {Data Min.\ Knowl.\ Discov.},
  year = {2007},
  volume = {14},
  number = {3}
}

@INPROCEEDINGS{wong-et-al2006,
  author = {W.\ Wong and W.\ Liu and M.\ Bennamoun},
  title = {Featureless similarities for terms clustering using tree-traversing
	ants},
  booktitle = {PCAR},
  year = {2006},
  doi = {http://doi.acm.org/10.1145/1232425.1232448}
}

@INPROCEEDINGS{wu+weld2007,
  author = {F.\ Wu and D.~S.\ Weld},
  title = {Autonomously semantifying {W}ikipedia},
  booktitle = {Proc.\ 16th ACM Conference on Information and Knowledge Management
	(CIKM-07)},
  year = {2007}
}

@BOOK{fellbaum1998,
  title = {Word{N}et. An Electronic Lexical Database},
  publisher = {MIT Press},
  year = {1998},
  editor = {C.\ Fellbaum}
}

@BOOK{sowa1991,
  title = {Principles of Semantic Networks: Explorations in the Representation
	of Knowledge},
  publisher = {Morgan Kaufmann Publishers},
  year = {1991},
  editor = {J.~F.\ Sowa}
}

@ARTICLE{udall-congress,
  journal = {{Congressional Record}},
  year = {2005},
  volume = {151},
  pages = {H9318},
  number = {1},
  note = {\url{http://frwebgate.access.gpo.gov/cgi-bin/getpage.cgi?dbname=2005_record&page=H9318&position=all}
	(accessed May 26, 2010)}
}

@inproceedings{yue2007support,
  title={A support vector method for optimizing average precision},
  author={Yue, Y. and Finley, T. and Radlinski, F. and Joachims, T.},
  booktitle = {SIGIR-07},
  year={2007}
}
  booktitle = {Proc.\ 33rd International ACM SIGIR Conference on Research and Development in Information Retrieval (SIGIR-07)},
  pages={271--278},

@book{sutton1998reinforcement,
  title={Reinforcement Learning: An Introduction},
  author={Sutton, R.~S. and Barto, A.~G.},
  year={1998},
  publisher={Cambridge University Press}
}

@TechReport{rummery1994sarsa,
  title={On-line {Q}-learning using connectionist systems},
  author={Rummery, G.~A. and Niranjan, M.},
  year={1994},
  institution={University of Cambridge}
}
  number={CUED/F-INFENG/TR 166}

@INPROCEEDINGS{west+leskovec2012www,
  author = {West, Robert and Leskovec, Jure},
  title = {Human Wayfinding in Information Networks},
  booktitle = {WWW-12},
  year = {2012}
}

@INPROCEEDINGS{west+leskovec2012icwsm,
  author = {West, Robert and Leskovec, Jure},
  title = {Automatic versus Human Navigation in Information Networks},
  booktitle = {ICWSM-12},
  year = {2012}
}

@article{adamic2001search,
  title={Search in power-law networks},
  author={Adamic, L.~A. and Lukose, R.~M. and Puniyani, A.~R. and Huberman, B.~A.},
  journal={Phys.\ Rev.\ E},
  volume={64},
  number={4},
  year={2001},
  publisher={APS}
}
  journal={Physical Review E},
  pages={046135},

@article{chakrabarti1999focused,
  title={Focused crawling: a new approach to topic-specific {W}eb resource discovery},
  author={Chakrabarti, S. and Van den Berg, M. and Dom, B.},
  journal={Computer Networks},
  volume={31},
  number={11-16},
  year={1999},
  publisher={Elsevier}
}
  pages={1623--1640},

@inproceedings{shahaf2010connecting,
  title={Connecting the dots between news articles},
  author={Shahaf, D. and Guestrin, C.},
  booktitle={Proceedings of the 16th ACM SIGKDD International Conference on Knowledge Discovery and Data Mining (KDD-10)},
  pages={623--632},
  year={2010}
}

@inproceedings{joachims1997webwatcher,
  title={Web{W}atcher: A tour guide for the {W}orld {W}ide {W}eb},
  author={Joachims, T. and Freitag, D. and Mitchell, T.},
  booktitle={IJCAI-97},
  year={1997}
}
  pages={770--777},
  booktitle={Proc.\ 15th International Joint Conference on Artificial Intelligence (IJCAI-97)},

@inproceedings{lerman2007social,
  title={Social browsing on {F}lickr},
  author={Lerman, K. and Jones, L.~A.},
  booktitle={ICWSM-07},
  year={2007}
}

@inproceedings{white2007investigating,
  title={Investigating the querying and browsing behavior of advanced search engine users},
  author={White, Ryen W. and Morris, Dan},
  booktitle={SIGIR-07},
  year={2007},
}
  pages={255--262},
  organization={ACM}
  booktitle={Proceedings of the 30th annual international ACM SIGIR conference on Research and development in information retrieval},

@inproceedings{diriye2012leaving,
 author = {Diriye, Abdigani and White, Ryen and Buscher, Georg and Dumais, Susan},
 title = {Leaving so soon? {U}nderstanding and predicting {W}eb search abandonment rationales},
 booktitle = {CIKM-12},
 year = {2012},
} 
 pages = {1025--1034},
 booktitle = {Proceedings of the 21st ACM international conference on Information and knowledge management},
 series = {CIKM '12},

@inproceedings{white2011finding,
  title={Finding our way on the {W}eb: Exploring the role of waypoints in search interaction},
  author={White, Ryen W. and Singla, Adish},
  booktitle={WWW-11},
  year={2011},
}
  booktitle={Proceedings of the 20th international conference companion on World wide web},
  pages={147--148},
  organization={ACM}

@inproceedings{li2009good,
  title={Good abandonment in mobile and {PC} {I}nternet search},
  author={Li, Jane and Huffman, Scott and Tokuda, Akihito},
  booktitle={SIGIR-09},
  year={2009},
}
  organization={ACM}
  pages={43--50},
  booktitle={Proceedings of the 32nd international ACM SIGIR conference on Research and development in information retrieval},

@inproceedings{das2008bypass,
  title={Bypass rates: Reducing query abandonment using negative inferences},
  author={Das Sarma, Atish and Gollapudi, Sreenivas and Ieong, Samuel},
  booktitle={KDD-08},
  year={2008},
}
  booktitle={Proceeding of the 14th ACM SIGKDD international conference on Knowledge discovery and data mining},
  pages={177--185},

@inproceedings{trattner2012exploring,
  title={Exploring the differences and similarities between hierarchical decentralized search and human navigation in information networks},
  author={Trattner, Christoph and Helic, Denis and Singer, Philipp and Strohmaier, Markus},
  booktitle={i-KNOW-12},
  year={2012},
}
  booktitle={Proceedings of the 12th International Conference on Knowledge Management and Knowledge Technologies},
